@inproceedings{abelVezzosi:aplas14,
  author    = {Andreas Abel and Andrea Vezzosi},
  title     = {A Formalized Proof of Strong Normalization for Guarded Recursive Types},
  booktitle = aplas14,
  pages     = {140--158},
  year      = 2014,
  crossref  = {DBLP:conf/aplas/2014},
  url       = {http://dx.doi.org/10.1007/978-3-319-12736-1_8},
  doi       = {10.1007/978-3-319-12736-1_8},
  timestamp = {Wed, 15 Oct 2014 15:39:11 +0200},
  biburl    = {http://dblp.uni-trier.de/rec/bib/conf/aplas/AbelV14},
  bibsource = {dblp computer science bibliography, http://dblp.org}
}
