%%%% WARNING! AUTOMATICALLY CREATED BIBFILE
%%%% DO NOT EDIT! ALL CHANGES WILL BE LOST!

@STRING{ieee	= "IEEE Computer Society Press" }
@STRING{lics00	= "15th Annual IEEE Symposium on Logic in Computer Science
		  (LICS 2000), 26-29 June 2000, Santa Barbara, California,
		  USA, Proceedings" }

@InProceedings{	  nakano:lics00,
  author	= {Hiroshi Nakano},
  title		= {A Modality for Recursion},
  booktitle	= lics00,
  year		= 2000,
  pages		= {255-266},
  ee		= {http://doi.ieeecomputersociety.org/10.1109/LICS.2000.855774}
		  ,
  crossref	= {DBLP:conf/lics/2000},
  bibsource	= {DBLP, http://dblp.uni-trier.de}
}

@Proceedings{	  DBLP:conf/lics/2000,
  title		= lics00,
  booktitle	= lics00,
  publisher	= ieee,
  year		= 2000,
  bibsource	= {DBLP, http://dblp.uni-trier.de}
}
