
@Manual{agda24,
  title =        {Agda Wiki},
  OPTkey =       {},
  OPTauthor =    {},
  organization = {Chalmers and Gothenburg University},
  OPTaddress =   {},
  edition =   {2.4},
  OPTmonth =     jun,
  year =      {2014},
  OPTnote =      {},
  url =          {http://wiki.portal.chalmers.se/agda},
  OPTpostscript = {},
  OPTpdf =       {},
  OPTdvi =       {},
  OPTabstract =  {}
}

@Misc{abelVezzosi:guardedNormalization,
  OPTkey =       {},
  author =    {Andreas Abel and Andrea Vezzosi},
  title =     {
A Formalized Proof of Strong Normalization for Guarded Recursive Types

},
  howpublished = {Literate Agda code},
  month =     jun,
  year =      2014,
  OPTnote =      {},
  url =       {http://www.cse.chalmers.se/~abela/guarded-normalization/Everything.html},
  OPTpostscript = {},
  OPTpdf =       {},
  OPTdvi =       {},
  OPTabstract =  {}
}

